@misc{chengwidedeep2016,
    title={Wide and Deep Learning for Recommender Systems},
    author={Heng-Tze Cheng and Levent Koc and Jeremiah Harmsen and Tal Shaked and Tushar Chandra and Hrishi Aradhye and Glen Anderson and Greg Corrado and Wei Chai and Mustafa Ispir and Rohan Anil and Zakaria Haque and Lichan Hong and Vihan Jain and Xiaobing Liu and Hemal Shah},
    year={2016},
    eprint={1606.07792},
    archivePrefix={arXiv},
    primaryClass={cs.LG},
    howpublished="\url{https://arxiv.org/pdf/1606.07792.pdf}"
}

@online{onehotencode,
    title={Why One-Hot Encode Data in Machine Learning?},
    author={Jason Brownlee},
    year={2017},
    howpublished="\url{https://machinelearningmastery.com/why-one-hot-encode-data-in-machine-learning/}"
    
}

@online{3ways,
    title={3 Ways to Encode Categorical Variables for Deep Learning},
    author={Jason Brownlee},
    year={2019},
    howpublished="\url{https://machinelearningmastery.com/how-to-prepare-categorical-data-for-deep-learning-in-python/}"
    
}

@online{wordembedding,
    title={How to Use Word Embedding Layers for Deep Learning with Keras},
    author={Jason Brownlee},
    year={2017},
    howpublished="\url{https://machinelearningmastery.com/use-word-embedding-layers-deep-learning-keras/}"
    
}

@online{transferlearning,
    title={Categorical Embedding and Transfer Learning},
    author={Deepak Mishra},
    year={2019},
    howpublished="\url{https://towardsdatascience.com/categorical-embedding-and-transfer-learning-dd3c4af6345d}"
    
}

@online{cat2vec,
    title={Deep Embeddings for Categorical Variables (Cat2Vec)},
    author={Prajwal Shreyas},
    year={2019},
    howpublished="\url{https://towardsdatascience.com/deep-embeddings-for-categorical-variables-cat2vec-b05c8ab63ac0}"
    
}


@online{classificationaccuracy,
    title={Classification: Accuracy},
    author={Google Developers},
    year={2020},
    howpublished="\url{https://developers.google.com/machine-learning/crash-course/classification/accuracy}"
}

@online{classificationprecisionrecall,
    title={Classification: Precision and Recall},
    author={Google Developers},
    year={2020},
    howpublished="\url{https://developers.google.com/machine-learning/crash-course/classification/accuracy}"
}

@online{classificationaucroc,
    title={Classification: ROC Curve and AUC},
    author={Google Developers},
    year={2020},
    howpublished="\url{https://developers.google.com/machine-learning/crash-course/classification/roc-and-auc}"
}

@online{fbeta,
    title={F-Beta Score},
    author={Marcelo Fernandes},
    year={2017},
    howpublished="\url{http://www.marcelonet.com/snippets/machine-learning/evaluation-metrix/f-beta-score}"
}

@online{randomforest,
    howpublished="\url{https://towardsdatascience.com/understanding-random-forest-58381e0602d2}",
    title={Understanding Random Forest},
    author={Tony Yiu},
    year={2019}
}

@online{trees,
    howpublished="\url{https://scikit-learn.org/stable/modules/tree.html}",
    title={Decision Trees},
    author={Scikit Learn Developers},
    year={2019}
}

@online{standardization,
    howpublished="\url{https://365datascience.com/standardization/}",
    title={Explaining Standardization Step-By-Step},
    author={365 Data Science},
    year={2019}
}

@online{rescale,
    howpublished="\url{https://medium.com/@swethalakshmanan14/how-when-and-why-should-you-normalize-standardize-rescale-your-data-3f083def38ff}",
    title={How, When and Why Should You Normalize / Standardize / Rescale Your Data?},
    author={Swetha Lakshmanan},
    year={2019}
}

@online{zscore, 
    howpublished="\url{https://sebastianraschka.com/Articles/2014_about_feature_scaling.html#about-standardization}", title={About Feature Scaling and Normalization}, author={Sebastian Raschka}, 
    year={2014}
}


@online{github,
    howpublished="\url{https://github.com/tensorflow/models/blob/master/official/r1/wide_deep/README.md}",
    title={Predicting Income with the Census Income Dataset},
    author={Jing Li}
}

@online{ucla, 
    howpublished="\url{https://stats.idre.ucla.edu/r/library/r-library-contrast-coding-systems-for-categorical-variables/}",
    title={R Library Contrast Coding Systems for Categorical Variables},
    author={UCLA Statistical Consulting Group}, 
    year={2011}
}

@online{ordinal,
    howpublished="\url{https://towardsdatascience.com/all-about-categorical-variable-encoding-305f3361fd02}",
    title={All About Categorical Variable Encoding},
    author={Baijayanta Ray},
    year={2019}
}

@online{scikit,
    howpublished="\url{https://contrib.scikit-learn.org/categorical-encoding/basen.html}",
    title={Base-N},
    author={Scikit Learn Developers},
    year={2016}
}

@online{encodingcateg,
    howpublished="\url{https://towardsdatascience.com/smarter-ways-to-encode-categorical-data-for-machine-learning-part-1-of-3-6dca2f71b159}",
    title={Smarter Ways to Encode Categorical Data for Machine Learning},
    author={Jeff Hale},
    year={2018}
}

@online{gridsearch,
    howpublished="\url{https://medium.com/@elutins/grid-searching-in-machine-learning-quick-explanation-and-python-implementation-550552200596}",
    title={Grid Searching in Machine Learning: Quick Explanation and Python Implementation},
    author={Evan Lutins},
    year={2017}
}

@online{hyperparam,
    howpublished="\url{https://machinelearningmastery.com/difference-between-a-parameter-and-a-hyperparameter/}",
    title={What is the Difference Between  a Parameter and a Hyperparameter?},
    author={Jason Brownlee},
    year={2017}
}

@online{crossval,
    howpublished="\url{https://machinelearningmastery.com/k-fold-cross-validation/}",
    title={A Gentle Introduction to k-fold Cross-Validation},
    author={Jason Brownlee},
    year={2018}
}

@online{datatypes,
    howpublished="\url{https://towardsdatascience.com/data-types-in-statistics-347e152e8bee}", 
    title={Data Types in Statistics},
    author={Niklas Donges},
    year={2018}
}

@online{numdata,
    howpublished="\url{https://www.formpl.us/blog/numerical-data}",
    title={What is Numerical Data?},
    author={Formplus Blog},
    year={2020}
}

@online{categdata,
    howpublished="\url{https://sciencing.com/difference-between-nominal-ordinal-data-8088584.html}",
    title={What is the Difference Between Nominal \& Ordinal Data?},
    author={Betsy Beacom},
    year={2018}
}

@online{zipcode,
    howpublished="\url{https://aichamp.wordpress.com/2017/02/24/categorical-encoding-one-hot-encoding-and-why-use-it/}",
    title={Categorical Encoding, One Hot Encoding and Why Use It?},
    author={Avkash Chauhan},
    year={2017}
}

@online{gender,
    howpublished="\url{https://hackernoon.com/what-is-one-hot-encoding-why-and-when-do-you-have-to-use-it-e3c6186d008f}",
    title={What is One Hot Encoding? Why and When do you have to use it?},
    author={Rakshith Vasudev},
    year={2020}
}

@online{zipcodestat,
    howpublished="\url{https://facts.usps.com/42000-zip-codes}",
    title={42,000 ZIP Codes},
    author={USPS}
}

@online{naturallang,
    howpublished="\url{https://towardsdatascience.com/introduction-to-natural-language-processing-for-noobs-8f47d0a27fcc}",
    title={Introduction to Natural Language Processing for Noobs},
    author={Vikas Bhandary},
    year={2019}
}